<?xml version="1.0" encoding="UTF-8"?><collection xmlns="http://www.loc.gov/MARC21/slim"><record><leader>00453nam--2200133-i-4500</leader><controlfield tag="001">000009910</controlfield><controlfield tag="002">20161230</controlfield><controlfield tag="005">20161230201028</controlfield><controlfield tag="008">060222s1000------------r-----000-0-eng-d</controlfield><datafield ind1=" " ind2=" " tag="100"><subfield code="a">Byrd, Paul F.And Friedman, Morris D</subfield></datafield><datafield ind1=" " ind2=" " tag="245"><subfield code="a">Handbook of elliptic integrals for engineers and scientists. second edition revised. with 22 figures</subfield></datafield><datafield ind1=" " ind2=" " tag="260"><subfield code="a">Berlin, Springer-verlag, 1971</subfield></datafield><datafield ind1=" " ind2=" " tag="490"><subfield code="a">Die Grundlehren Der Mathematischen Wissenchaft En</subfield></datafield><datafield ind1=" " ind2=" " tag="852"><subfield code="a">517.63</subfield></datafield></record></collection>